%% This BibTeX bibliography file was created using BibDesk.
%% http://bibdesk.sourceforge.net/

%% Created for Lars Kristian Henriksen at 2017-03-17 

@article{lukasiak2010,
  title={History of semiconductors},
  author={{\L}ukasiak, Lidia and Jakubowski, Andrzej},
  journal={Journal of Telecommunications and information technology},
  pages={3-9},
  year={2010}
}

@article{Becquerel1839,
  title={Memoire Sur Les Effets {\'E}lectriques Produits Sous
L’influence Des Rayons Solaires},
  author={Becquerel, E.},
  journal={Comptes Rendus Hebdomadaires des Seances de L'Academie des Sciences},
  pages={561--567},
  year={1839},
  volume={55}
} Memoire Sur Les Effets Électriques Produits Sous
L’influence Des Rayons Solaires. Comptes rendus 1839, 9, 561−567.

@article{Busch1989,
  title={Early history chemistry of the physics and semiconductors-from doubts to fact in a hundred years},
  author={Busch, Georg},
  journal={European Journal of Physics},
  pages={254-264},
  year={1989},
  volume={10}
}

@article{	Beverskog1995,
author 	= 	{Beverskog, Bj{\"{o}}rn and Puigdomenech, Ignasi},
file 	= 	{:Users/Lars/Library/Application Support/Mendeley Desktop/Downloaded/Beverskog, Puigdomenech - 1995 - Revised Pourbaix Diagrams for Copper at 5-150 °C.pdf:pdf},
journal	= 	{Swedish Nuclear Power Inspectorate},
mendeley-groups = {Pourbaix diagrams},
title 	= 	{{Revised Pourbaix Diagrams for Copper at 5-150 °C}},
year 	= 	{1995},
}

@phdthesis{	Pourbaix1945,
author 	= 	{Pourbaix},
year 	= 	{1945},
title 	= 	{Thermodynamique des Solutions Aqueuses Diluees. Representation Graphique du Role du pH et du Potentiel.}, 
school = {Université Libredes Bruxelles},
}

@incollection{Leng2013,
address = {Weinheim, Germany},
author = {Leng, Yang},
booktitle = {Materials Characterization},
doi = {10.1002/9783527670772.ch4},
file = {:Users/lars/Library/Application Support/Mendeley Desktop/Downloaded/Leng - 2013 - Scanning Electron Microscopy.pdf:pdf},
isbn = {9783527670772},
keywords = {contrast formation,electron backscatter diffraction,environmental SEM,instrumentation,scanning electron microscopy,specimen preparation},
mendeley-groups = {Use in theses},
month = {aug},
pages = {127--161},
publisher = {Wiley-VCH Verlag GmbH {\&} Co. KGaA},
title = {{Scanning Electron Microscopy}},
url = {http://doi.wiley.com/10.1002/9783527670772.ch4},
year = {2013}
}

@article{Paracchino2011,
author = {Paracchino, Adriana and Laporte, Vincent and Sivula, Kevin and Gr{\"{a}}tzel, Michael and Thimsen, Elijah},
doi = {10.1038/nmat3017},
file = {:Users/lars/Library/Application Support/Mendeley Desktop/Downloaded/Paracchino et al. - 2011 - Highly active oxide photocathode for photoelectrochemical water reduction.pdf:pdf},
isbn = {1476-1122},
issn = {1476-1122},
journal = {Nature materials},
mendeley-groups = {Cuprous Oxide},
number = {6},
pages = {456--461},
pmid = {21552270},
publisher = {Nature Publishing Group},
title = {{Highly active oxide photocathode for photoelectrochemical water reduction.}},
url = {http://dx.doi.org/10.1038/nmat3017},
volume = {10},
year = {2011}
}

